<record xmlns="http://www.loc.gov/MARC21/slim" xmlns:xsi="http://www.w3.org/2001/XMLSchema-instance" xsi:schemaLocation="http://www.loc.gov/MARC21/slim http://www.loc.gov/standards/marcxml/schema/MARC21slim.xsd">

  <leader>00759nam a2200181   4500</leader>
  <controlfield tag="008">160503b1995    cr ||||| |||| 00| | spa d</controlfield>
  <datafield tag="090" ind1=" " ind2=" ">
    <subfield code="a">06.02.04 </subfield>
    <subfield code="b">2192 </subfield>
  </datafield>
  <datafield tag="110" ind1="1" ind2=" ">
    <subfield code="9">545</subfield>
    <subfield code="a">Costa Rica. Ministerio de Educación Pública</subfield>
  </datafield>
  <datafield tag="245" ind2="3" ind1="1">
    <subfield code="a">El reto del tercer milenio: una propuesta de un proyecto educativo nacional hacia el 2005 (EDU 2005) / </subfield>
    <subfield code="c">Ministerio de Educación</subfield>
  </datafield>
  <datafield tag="260" ind2=" " ind1=" ">
    <subfield code="a">[San José, Costa Rica] : </subfield>
    <subfield code="b">El Ministerio, </subfield>
    <subfield code="c">[1995] </subfield>
  </datafield>
  <datafield ind2=" " ind1=" " tag="300">
    <subfield code="a">1 volumen (varias paginaciones) </subfield>
  </datafield>
  <datafield ind1=" " ind2=" " tag="500">
    <subfield code="a">Título en la primera hoja: La educación de Costa Rica en el 2005: el reto del tercer milenio</subfield>
  </datafield>
  <datafield tag="650" ind2="4" ind1="1">
    <subfield code="9">451</subfield>
    <subfield code="a">POLÍTICA EDUCATIVA</subfield>
  </datafield>
  <datafield tag="650" ind2="4" ind1="1">
    <subfield code="9">812</subfield>
    <subfield code="a">ESTRATEGIAS EDUCATIVAS</subfield>
  </datafield>
  <datafield ind1="1" ind2="4" tag="650">
    <subfield code="9">331</subfield>
    <subfield code="a">DOCENTES</subfield>
  </datafield>
  <datafield ind1="1" ind2="4" tag="650">
    <subfield code="9">1698</subfield>
    <subfield code="a">PERFIL PROFESIONAL</subfield>
  </datafield>
  <datafield ind1=" " ind2=" " tag="942">
    <subfield code="2">z</subfield>
    <subfield code="c">01</subfield>
  </datafield>
  <datafield tag="999" ind2=" " ind1=" ">
    <subfield code="c">3195</subfield>
    <subfield code="d">3195</subfield>
  </datafield>
</record>